<record><leader>00000cas a22000007a 4500</leader><controlfield tag="001">37704797</controlfield><controlfield tag="008">970929d19551956cauwr ne      0    0eng d</controlfield><datafield ind1=" " ind2=" " tag="010"><subfield code="a">sn 97069142 </subfield></datafield><datafield ind1=" " ind2=" " tag="040"><subfield code="a">CNK</subfield><subfield code="b">eng</subfield><subfield code="c">CNK</subfield><subfield code="d">OCLCQ</subfield><subfield code="d">OCLCF</subfield><subfield code="d">OCLCO</subfield></datafield><datafield ind1="1" ind2=" " tag="029"><subfield code="a">AU@</subfield><subfield code="b">000013539023</subfield></datafield><datafield ind1=" " ind2=" " tag="042"><subfield code="a">msc</subfield></datafield><datafield ind1=" " ind2=" " tag="043"><subfield code="a">n-us-ca</subfield></datafield><datafield ind1="0" ind2="0" tag="245"><subfield code="a">Burlingame-San Mateo express.</subfield></datafield><datafield ind1="1" ind2="7" tag="246"><subfield code="a">Advance-star</subfield></datafield><datafield ind1=" " ind2=" " tag="260"><subfield code="a">[Burlingame] San Mateo County [Calif.] :</subfield><subfield code="b">Advance-Star</subfield></datafield><datafield ind1=" " ind2=" " tag="300"><subfield code="a">v.</subfield></datafield><datafield ind1=" " ind2=" " tag="310"><subfield code="a">Weekly</subfield></datafield><datafield ind1="0" ind2=" " tag="362"><subfield code="a">Vol. 11, no. 22 (June 2, 1955)-v. 12, no. 52 (Dec. 27, 1956).</subfield></datafield><datafield ind1=" " ind2="0" tag="651"><subfield code="a">San Mateo County (Calif.)</subfield><subfield code="v">Newspapers.</subfield></datafield><datafield ind1=" " ind2="7" tag="655"><subfield code="a">Newspapers.</subfield><subfield code="2">fast</subfield><subfield code="0">(OCoLC)fst01423814</subfield></datafield><datafield ind1=" " ind2="7" tag="651"><subfield code="a">California</subfield><subfield code="z">San Mateo County.</subfield><subfield code="2">fast</subfield><subfield code="0">(OCoLC)fst01213639</subfield></datafield><datafield ind1=" " ind2=" " tag="752"><subfield code="a">United States</subfield><subfield code="b">California</subfield><subfield code="c">San Mateo</subfield><subfield code="d">Burlingame.</subfield></datafield><datafield ind1="0" ind2=" " tag="775"><subfield code="t">Advance-star (Burlingame, Calif. : 1952)</subfield><subfield code="w">(DLC)sn 97069135</subfield></datafield><datafield ind1="0" ind2="0" tag="780"><subfield code="t">Advance-star shopper</subfield><subfield code="w">(DLC)sn 97069141</subfield></datafield></record>